@article{wang2020covid,
  title={COVID-Net: A Tailored Deep Convolutional Neural Network Design for Detection of COVID-19 Cases from Chest Radiography Images},
  author={Wang, Linda and Wong, Alexander},
  journal={arXiv preprint arXiv:2003.09871},
  year={2020}
}

@article{cohen2020covid,
  title={Covid-19 image data collection},
  author={Cohen, Joseph Paul and Morrison, Paul and Dao, Lan},
  journal={arXiv preprint arXiv:2003.11597},
  year={2020}
}

@online{RSNA,
  author = {Radiological Society of North America},
  title = {RSNA Pneumonia Detection Challenge},
  url = {https://www.kaggle.com/c/rsna-pneumonia-detection-challenge},
  urldate = {2020-04-07}
}

@misc{barz2019deep,
    title={Deep Learning on Small Datasets without Pre-Training using Cosine Loss},
    author={Bj√∂rn Barz and Joachim Denzler},
    year={2019},
    eprint={1901.09054},
    archivePrefix={arXiv},
    primaryClass={cs.LG}
}

@misc{noguchi2019image,
    title={Image Generation From Small Datasets via Batch Statistics Adaptation},
    author={Atsuhiro Noguchi and Tatsuya Harada},
    year={2019},
    eprint={1904.01774},
    archivePrefix={arXiv},
    primaryClass={cs.CV}
}